@article{Demidov2010EN,
    author = "D. E. Demidov and A. G. Egorov and A. N. Nuriev",
    journal = "Scientific notes of Kazan State University. Physics and Mathematics",
    title = "Application of {NVIDIA CUDA} technology for numerical solution of
	hydrodinamic problems",
    publisher = "Kazan mathematical society publishing house",
    address = "Kazan",
    year = 2010,
    volume = 152,
    number = 1,
    pages = "142--154",
    note = "In russian"
}
@incollection{SPMVonMulticore,
    author = {Samuel Williams and Nathan Bell and Jee Whan Choi and Michael
	Garland and Leonid Oliker and Richard Vu},
    editor = {Jakub Kurzak and David A. Bader and Jack Dongarra},
    booktitle = {Scientific Computing with Multicore and Accelerators},
    title = {Sparse Matrix-Vector Multiplication on Multicore and
	Accelerators},
    publisher = {CRC Press},
    year = 2010,
    pages = "83--109"
}
